@misc{baseballsavant, title={Bryce Harper Statcast, Visuals; Advanced Metrics: Mlb.com}, url={https://baseballsavant.mlb.com/savant-player/bryce-harper-547180?stats=statcast-r-hitting-mlb}, journal={baseballsavant.com}} 
